@inproceedings{Besrour,
	author = {Besrour, Souhaib and Rahim, Lukman and Dominic, P.},
	year = {2016},
	month = {08},
	pages = {606-610},
	title = {A quantitative study to identify critical requirement engineering challenges in the context of small and medium software enterprise},
	doi = {10.1109/ICCOINS.2016.7783284}
}

@inbook{Kamsties,
	author = {Kamsties, Erik},
	year = {2005},
	month = {01},
	pages = {245-266},
	title = {Engineering and Managing Software Requirements},
	isbn = {978-3-540-25043-2},
	doi = {10.1007/3-540-28244-0_11}
}

@inproceedings{Ferrari,
	author = {Ferrari, Alessio and Lipari, Giuseppe and Gnesi, Stefania and Spagnolo, Giorgio},
	year = {2014},
	month = {08},
	pages = {},
	title = {Pragmatic Ambiguity Detection in Natural Language Requirements},
	journal = {2014 IEEE 1st International Workshop on Artificial Intelligence for Requirements Engineering, AIRE 2014 - Proceedings},
	doi = {10.1109/AIRE.2014.6894849}
}

@article{Wang,
	author = {Wang, Yinglin},
	year = {2016},
	month = {12},
	pages = {692-701},
	title = {Automatic semantic analysis of software requirements through machine learning and ontology approach},
	volume = {21},
	journal = {Journal of Shanghai Jiaotong University (Science)},
	doi = {10.1007/s12204-016-1783-3}
}

@inproceedings{Fanmuy,
	author = {Fanmuy, Gauthier and Fraga, Anabel and Llorens, Juan},
	year = {2011},
	month = {01},
	pages = {145-160},
	title = {Requirements Verification in the Industry},
	journal = {Proceedings of the 2nd International Conference on Complex Systems Design and Management, CSDM 2011},
	doi = {10.1007/978-3-642-25203-7_10}
}

@inproceedings{Ahmed,
	author = {Ahmed, Usman},
	year = {2018},
	month = {02},
	pages = {1-5},
	title = {A review on knowledge management in requirements engineering},
	doi = {10.1109/ICEET1.2018.8338650}
}

@INPROCEEDINGS{Ryan,
	author={K. {Ryan}},
	booktitle={[1993] Proceedings of the IEEE International Symposium on Requirements Engineering},
	title={The role of natural language in requirements engineering},
	year={1993},
	volume={},
	number={},
	pages={240-242},
	keywords={formal specification;formal verification;natural languages;natural language;requirements engineering;validation of requirements;social process;Natural languages;Natural language processing;Computer science;Information systems;History;Knowledge engineering;Computer applications;Context;Specification languages;Computer interfaces},
	doi={10.1109/ISRE.1993.324852},
	ISSN={null},
	month={Jan},
}

@inproceedings{Nazir,
	author = {Nazir, Farhana and Haider, Wasi and Anwar, Muhammad and Khattak, Muazzam},
	year = {2017},
	month = {03},
	pages = {485-493},
	title = {The Applications of Natural Language Processing (NLP) for Software Requirement Engineering - A Systematic Literature Review},
	isbn = {978-981-10-4153-2},
	doi = {10.1007/978-981-10-4154-9_56}
}