@article{safeprimes,
	author = {Benics, Balazs and Nagy, Gergely and Bencze, Gabor and Kruppai, Gabor and Meszaros, Aron Attila},
	year = {2019},
	month = {12},
	pages = {},
	title = {Safe primes are not so safe}
},

@article{10.1145/359340.359342,
author = {Rivest, R. L. and Shamir, A. and Adleman, L.},
title = {A Method for Obtaining Digital Signatures and Public-Key Cryptosystems},
year = {1978},
issue_date = {February 1978},
publisher = {Association for Computing Machinery},
address = {New York, NY, USA},
volume = {21},
number = {2},
issn = {0001-0782},
url = {https://doi.org/10.1145/359340.359342},
doi = {10.1145/359340.359342},
journal = {Commun. ACM},
month = feb,
pages = {120â€“126},
numpages = {7},
keywords = {digital signatures, cryptography, factorization, authentication, prime number, public-key cryptosystems, privacy, electronic mail, security, message-passing, electronic funds transfer}
}
